@book{ID,
	author = {author},
	title = {title},
	date = {date},
	OPTeditor = {editor},
	OPTeditora = {editora},
	OPTeditorb = {editorb},
	OPTeditorc = {editorc},
	OPTtranslator = {translator},
	OPTannotator = {annotator},
	OPTcommentator = {commentator},
	OPTintroduction = {introduction},
	OPTforeword = {foreword},
	OPTafterword = {afterword},
	OPTsubtitle = {subtitle},
	OPTtitleaddon = {titleaddon},
	OPTmaintitle = {maintitle},
	OPTmainsubtitle = {mainsubtitle},
	OPTmaintitleaddon = {maintitleaddon},
	OPTlanguage = {language},
	OPToriglanguage = {origlanguage},
	OPTvolume = {volume},
	OPTpart = {part},
	OPTedition = {edition},
	OPTvolumes = {volumes},
	OPTseries = {series},
	OPTnumber = {number},
	OPTnote = {note},
	OPTpublisher = {publisher},
	OPTlocation = {location},
	OPTisbn = {isbn},
	OPTchapter = {chapter},
	OPTpages = {pages},
	OPTpagetotal = {pagetotal},
	OPTaddendum = {addendum},
	OPTpubstate = {pubstate},
	OPTdoi = {doi},
	OPTeprint = {eprint},
	OPTeprintclass = {eprintclass},
	OPTeprinttype = {eprinttype},
	OPTurl = {url},
	OPTurldate = {urldate},
}


@online{ID,
	ALTauthor 		= {author},
	ALTeditor		= {editor},
	title 			= {title},
	date 			= {date},
	url 			= {url},
	OPTsubtitle 	= {subtitle},
	OPTtitleaddon	= {titleaddon},
	OPTlanguage 	= {language},
	OPTversion 		= {version},
	OPTnote 		= {note},
	OPTorganization = {organization},
	OPTdate 		= {date},
	OPTmonth 		= {month},
	OPTyear 		= {year},
	OPTaddendum 	= {addendum},
	OPTpubstate 	= {pubstate},
	OPTurldate 		= {urldate},
}

@ONLINE{git-1.6-your-identity,
	title 			= {Getting Started - First-Time Git Setup},
	subtitle		= {Your Identity},
	url 			= {https://git-scm.com/book/en/v2/Getting-Started-First-Time-Git-Setup},
	organization 	= {Software Freedom Conservancy},
	urldate 		= {2018-03-15}
}

@ONLINE{apache-kafka-quorum-based-replication,
	author			= {Wang, Guozhang and Koshy, Joel and Subramanian, Sriram and Paramasivam, Kartik and Zadeh, Mammad and Narkhede, Neha  and Rao, Jun and Kreps, Jay and Stein, Joe},
	title 			= {Building a Replicated Logging System with Apache Kafka},
	subtitle		= {Building a replicated Log},
	url 			= {http://www.vldb.org/pvldb/vol8/p1654-wang.pdf},
	date 			= {2015-02-01},
	organization 	= {LinkedIn Corporation and Confluent Inc. and Big Data Open Source Security LLC},
	urldate 		= {2017-07-29}
}

@ONLINE{ausbruch-chroot,
    title 			= {Jails},
    url 			= {https://www.freebsd.org/doc/de_DE.ISO8859-1/books/handbook/jails.html},
    date 			= {2017-07-27},
    organization 	= {freeBSD},
    urldate 		= {2017-08-09}
}

@ONLINE{continious-integration,
	author 			= {Fowler, Martin},
	title 			= {Continuous Integration},
	date 			= {2006-05-01},
	url 			= {https://martinfowler.com/articles/continuousIntegration.html},
	urldate 		= {2018-08-09}
}

@ONLINE{continious-delivery,
	author 			= {Fowler, Martin},
	title 			= {Continuous Delivery},
	date 			= {2013-05-30},
	url 			= {https://martinfowler.com/bliki/ContinuousDelivery.html},
	urldate 		= {2018-08-09}
}

@ONLINE{crud-defintion,
	organization	= {1u1 Internet SE},
	title 			= {CRUD- die Basis der Datenverwaltung},
	date 			= {2016-08-11},
	url 			= {https://hosting.1und1.de/digitalguide/websites/web-entwicklung/crud-die-wichtigsten-datenbankoperationen/},
	urldate 		= {2018-07-24}
}


@ONLINE{database-per-service,
	author 			= {Richardson, Chris},
	title 			= {Database-per-Service},
	url 			= {http://microservices.io/patterns/data/database-per-service.html},
	date 			= {2016-07-16},
	urldate 		= {2017-08-24},
	subtitle		= {Solution}
}

@ONLINE{database-per-service,
	author 			= {Richardson, Chris},
	title 			= {Database-per-Service},
	url 			= {http://microservices.io/patterns/data/database-per-service.html},
	date 			= {2016-07-16},
	urldate 		= {2017-08-24},
	subtitle		= {Solution}
}

@ONLINE{design-patterns-definition,
	author 			= {Richardson, Chris},
	title 			= {Database-per-Service},
	url 			= {https://www.tutorialspoint.com/design_pattern/},
	date 			= {2016-07-16},
	urldate 		= {2017-08-24},
	subtitle		= {Solution}
}


@ONLINE{docker-compose-versioning,
	title 			= {Compose file versions and upgrading},
	url 			= {https://docs.docker.com/compose/compose-file/compose-versioning/},
	date 			= {2017-08-04},
	urldate 		= {2017-08-22},
	organization 	= {Docker Inc.}
}


@ONLINE{dokumentation-cgroups,
    author 			= {Menage, Paul},
    title 			= {cgroups},
    subtitle		= {1.3 How are cgroups implemented?},
	url 			= {https://www.kernel.org/doc/Documentation/cgroup-v1/cgroups.txt},
    urldate 		= {2017-07-24}
}

@ONLINE{jms,
	organization	= {Oracle Corp.},
	title 			= {Java Message Service},
	date			= {2014-09-12},
	url 			= {http://www.oracle.com/technetwork/java/jms/index.html},
	urldate 		= {2017-08-25}
}

@ONLINE{jms-differences-models,
	organization	= {Vertical Horizons},
	title 			= {Difference between Point-To-Point and Publish/Subscribe JMS Messaging Models},
	date			= {2012-05-07},
	url 			= {http://verticalhorizons.in/difference-between-point-to-point-and-publishsubscribe-jms-messaging-models/},
	urldate 		= {2017-08-25}
}

@ONLINE{kafka-broker-configs,
	organization	= {Apache Software Foundation},
	title 			= {Kafka 0.11.0 Documentation},
	subtitle		= {Broker Configs},
	date			= {2017-08-04},
	url 			= {https://kafka.apache.org/documentation/#brokerconfigs},
	urldate 		= {2017-08-18}
}

@ONLINE{kafka-consumers,
	organization	= {Apache Software Foundation},
	title 			= {Kafka 0.11.0 Documentation},
	subtitle		= {Consumers},
	date			= {2017-08-04},
	url 			= {https://kafka.apache.org/documentation/#intro_consumers},
	urldate 		= {2017-08-16}
}

@ONLINE{kafka-idempotenz,
	author			= {Grahsl, Hans-Peter},
	organization	= {Software u. Support Media GmbH},
	title 			= {Unter der Lupe: Apache Kafka 0.11 – Data Streaming der nächsten Generation},
	subtitle		= {Idempotenz für den Nachrichtenversand},
	date			= {2017-07-31},
	url 			= {https://jaxenter.de/kafka-0-11-60108},
	urldate 		= {2017-08-16}
}

@ONLINE{kafka-idempotenz-config,
	organization	= {Apache Software Foundation},
	title 			= {Kafka 0.11.0 Documentation},
	subtitle		= {enable.idempotence},
	date			= {2017-08-04},
	url 			= {http://kafka.apache.org/documentation/},
	urldate 		= {2017-08-26}
}

@ONLINE{kafka-scale,
	author			= {Palino, Todd},
	organization	= {LinkedIn},
	title 			= {Running Kafka At Scale},
	date			= {2015-03-20},
	url 			= {https://engineering.linkedin.com/kafka/running-kafka-scale},
	urldate 		= {2017-07-16}
}

@ONLINE{kafka-version,
	author			= {Grahsl, Hans-Peter},
	organization	= {Software u. Support Media GmbH},
	title 			= {Unter der Lupe: Apache Kafka 0.11 – Data Streaming der nächsten Generation},
	subtitle		= {Exactly-Once-Semantik},
	date			= {2017-07-31},
	url 			= {https://jaxenter.de/kafka-0-11-60108},
	urldate 		= {2017-08-16}
}

@ONLINE{kafka-zookeeper,
	organization	= {Apache Software Foundation},
	title 			= {Kafka 0.11.0 Documentation},
	subtitle		= {Step 2: Start the server},
	date			= {2017-08-04},
	url 			= {https://kafka.apache.org/documentation/#quickstart_startserver},
	urldate 		= {2017-08-09}
}

@ONLINE{martin-vogel-thread,
	author 			= {Vogel, Martin},
	title 			= {Thread},
	url 			= {https://martinvogel.de/lexikon/thread.html},
	date 			= {2017-07-19},
	urldate 		= {2017-07-19}
}

@ONLINE{martina-ziegler-skalierung,
	author 			= {Ziegler, Martina},
	title 			= {Vertikale Skalierung vs. horizontale Skalierung: Was ist für das Rechenzentrum sinnvoll?},
	url 			= {http://mit-blog.de/vertikale-skalierung-vs-horizontale-skalierung-was-ist-fuer-das-rechenzentrum-sinnvoll/},
	date 			= {2018-12-18},
	urldate 		= {2017-08-04}
}

@ONLINE{message-delivery-semantic,
	author 			= {Vlugter, Peter and Nordwall, Patrik and Engelen, Arnout},
	title 			= {Message Delivery Semantic},
	url 			= {https://github.com/akka/akka/blob/master/akka-docs/src/main/paradox/scala/general/message-delivery-reliability.md},
	date 			= {2017-05-17},
	urldate 		= {2017-08-24},
	subtitle		= {Discussion: What does at-most-once mean?}
}

@ONLINE{fig:microservice-architecture,
	author 			= {Richardson, Chris},
	title 			= {Microservice Architecture},
	url 			= {http://microservices.io/patterns/microservices.html},
	date 			= {2016-05-17},
	urldate 		= {2017-07-29},
	subtitle		= {Fictitious e-commerce application}
}

@ONLINE{microservice-definiton,
	author 			= {Fowler, Martin},
	title			= {Microservices - a definition of this new architectural term},
	url 			= {https://martinfowler.com/articles/microservices.html},
	date			= {2014-03-25},
	urldate 		= {2017-07-11}
}

@ONLINE{mvn-repository-kafka,
	organization	= {Maven Repository},
	title 			= {Maven Repository - Apache Kafka},
	date			= {2017-06-20},
	url 			= {https://mvnrepository.com/artifact/org.apache.kafka/kafka-clients},
	urldate 		= {2017-08-19}
}

@ONLINE{publish-subscribe,
	author 			= {Microsoft},
	title			= {Publish/Subscribe},
	url 			= {https://msdn.microsoft.com/en-us/library/ff649664.aspx},
	date			= {2004-06-01},
	urldate 		= {2017-07-05}
}

@ONLINE{observer-pattern-example,
	author 			= {Wikipedia},
	title			= {Observer-Pattern Beispiele},
	subtitle		= {Funktionsweise},
	url 			= {https://de.wikipedia.org/wiki/Java_Message_Service},
	date			= {2016-04-16},
	urldate 		= {2017-07-19}
}

@ONLINE{asynchronous-queuing,
	author 			= {Little and Rischbeck and Simo},
	title			= {Asynchronous Queuing},
	url 			= {http://soapatterns.org/design_patterns/asynchronous_queuing},
	date			= {2013-07-11},
	urldate 		= {2017-07-09}
}

@ONLINE{rabbitmq-discuss-jms,
	author 			= {Apps, John},
	organization	= {RabbitMQ},
	title			= {Exactly Once Delivery},
	url 			= {https://lists.rabbitmq.com/pipermail/rabbitmq-discuss/2010-August/008272.html},
	date			= {2010-08-10},
	urldate 		= {2017-08-25}
}



@ONLINE{rfc-http-status-codes-200,
	author 			= {Fielding, Roy Thomas and Reschke, J.},
	title 			= {Hypertext Transfer Protocol - HTTP 1.1},
	url 			= {https://tools.ietf.org/html/rfc7231#section-6.3.1},
	date 			= {2014-06-01},
	urldate 		= {2017-07-18},
	subtitle		= {Statuscode 200 - OK}
}

@ONLINE{rfc-http-stateless,
	author 			= {Fielding, Roy Thomas and Reschke, J.},
	title 			= {Hypertext Transfer Protocol - HTTP 1.1},
	url 			= {https://tools.ietf.org/html/rfc7231},
	date 			= {2014-06-01},
	urldate 		= {2017-07-18},
	subtitle		= {Abstract}
}

@ONLINE{rfc-http-methoden,
	author 			= {Fielding, Roy Thomas},
	title 			= {Hypertext Transfer Protocol - HTTP 1.1},
	url 			= {https://www.w3.org/Protocols/rfc2616/rfc2616.html},
	date 			= {1999},
	urldate 		= {2017-07-19},
	subtitle		= {5.1.1 Method}
}

@ONLINE{rfc-uuid,
	author 			= {Leach, P. and Mealling, M. and Salz, R.},
	organization	= {Microsoft and Refactored Networks LLC and DataPower Technology Inc.},
	title 			= {A Universally Unique IDentifier},
	url 			= {https://www.ietf.org/rfc/rfc4122.txt},
	date 			= {2005-07-01},
	urldate 		= {2017-07-17},
	subtitle		= {Abstract}
}


@ONLINE{sport-dwh,
	author 			= {Schulz, Martin B.},
	title 			= {Data Warehouse – The Single Point of Truth},
	url 			= {http://www.ixto.de/fileadmin/Redaktion/Flyer/ixto_flyer_data_ware_housing.pdf},
	date 			= {2012-02-01},
	urldate 		= {2017-08-03},
	subtitle		= {Single Point of Truth}
}

@ONLINE{stateless,
	author 			= {Rahn, Frank},
	title 			= {Restful Webservices},
	url 			= {https://www.frank-rahn.de/restful-webservices/#zustandslose-kommunikation},
	date 			= {2014-09-01},
	urldate 		= {2017-08-22},
	subtitle		= {Zustandslose Kommunikation}
}


@ONLINE{task-control-groups,
	author 			= {kernelnewbies.org},
	title 			= {Kernel Changelog 2.6.24},
	url 			= {https://kernelnewbies.org/Linux_2_6_24#head-5b7511c1e918963d347abc8ed4b75215877d3aa3},
	date 			= {2008-01-24},
	urldate 		= {2017-08-24},
	subtitle		= {2.10 Task-Control-Groups}
}

@PHDTHESIS{roy-thomas-fielding,
    author			= {Fielding, Roy Thomas},
    title			= {Architectural Styles and the Design of Network-based Software Architectures},
    school			= {University of California, Irvine},
    year			= {2000},
}






